@string{inter="Proc. Interspeech"}
@STRING{aes = {Audio Eng.\ Soc.}}
@STRING{asilomar = {Rec.\ Asilomar Conf.\ Signals, Systems, and Computers}}
@STRING{biometrika = {Biometrika}}
@STRING{cmj = {Computer Music Journal}}
@STRING{dafx = {Proc. Int.\ Conf.\ Digital Audio Effects}}
@STRING{esp = {Signal Processing}}
@STRING{eusipco = {Proc. European Signal Processing Conf.}}
@STRING{icassp = {Proc.\ IEEE Int.\ Conf.\ Acoust., Speech, Signal Process.}}
@STRING{iscas = {Proc.\ IEEE Int.\ Symp.\ Circuits and Systems}}
@STRING{jaes = {J.\ Audio Eng.\ Soc.}}
@STRING{jasa = {J.\ Acoust.\ Soc.\ Am.}}
@string{norsig="Proc. Nordic Signal Processing Symposium"}
@string{ismir="Int. Conf. on Music Inf. Retrieval"}
@STRING{lin = {Lin.\ Algeb.\ and Appl.}}
@STRING{mathstat = {Ann.\ Math.\ Stat.}}
@string{jasp="EURASIP J. on Advances in Signal Process."}
@string{spl="IEEE Signal Process.\ Lett."}
@string{ieel="IEEE Electronic Lett."}
@string{pieee="Proc. IEEE"}
@string{sc="Speech Communication"}
@string{tsp="IEEE Trans. Signal Process."}
@string{sap="IEEE Trans. Speech Audio Process."}
@string{asl="IEEE Trans. Audio, Speech, Language Process."}
@STRING{multivariate = {J.\ Multivariate Analysis}}
@STRING{norsig = {Nordic Signal Processing Symposium}}
@STRING{sc = {Speech Commun.}}
@string{inter="Proc. Interspeech"}
@STRING{siamcomp = {{SIAM} J.\ Sci.\ Comput.}}
@STRING{sp = {Signal Processing}}
@string{wsct="Proc. IEEE Workshop on Speech Coding for Telecommunications"}
@string{iwaenc="Proc. Int.\ Workshop on Acoustic Signal Enhancement"}
@string{ssp="Proc. IEEE Int. Workshop on Statistical Signal Process."}
@string{icpr="Proc. IEEE International Conference on Pattern Recognition"}
@STRING{time = {J.\ on Time Series Analysis}}
@STRING{vtc = {Proc.\ IEEE Veh.\ Technol.\ Conf.}}
@STRING{waspaa = {Proc.\ IEEE Workshop on Appl.\ of Signal Process.\ to Aud.\ and Acoust.}}
@STRING{wsct = {Proc.\ IEEE Workshop on Speech Coding for Telecommunications}}
@string{neuro="Computational Intelligence and Neuroscience"}
@string{catgut="Catgut Acoust. Soc. Newsletter"}
@string{catgut="Catgut Acoust. Soc. Newsletter"}
@string {wiamis="Proc. Int. Workshop on Image Analysis for Multimedia Interactive Services"}